
    <marc:record>
        <marc:leader>01941cpcaa2200337Ii 4500</marc:leader>
        <marc:controlfield tag="001">002567304</marc:controlfield>
        <marc:controlfield tag="005">20200408165838.0</marc:controlfield>
        <marc:controlfield tag="008">990415i18611891tnu                 eng d</marc:controlfield>
        <marc:datafield tag="035" ind1=" " ind2=" ">
            <marc:subfield code="a">41174796</marc:subfield>
        </marc:datafield>
        <marc:datafield tag="040" ind1=" " ind2=" ">
            <marc:subfield code="a">NDD</marc:subfield>
            <marc:subfield code="b">eng</marc:subfield>
            <marc:subfield code="e">rda</marc:subfield>
            <marc:subfield code="e">dacs</marc:subfield>
            <marc:subfield code="c">NDD</marc:subfield>
            <marc:subfield code="d">OCLCG</marc:subfield>
            <marc:subfield code="d">OCLCF</marc:subfield>
            <marc:subfield code="d">NDD</marc:subfield>
        </marc:datafield>
        <marc:datafield tag="041" ind1=" " ind2=" ">
            <marc:subfield code="a">eng</marc:subfield>
        </marc:datafield>
        <marc:datafield tag="049" ind1=" " ind2=" ">
            <marc:subfield code="a">NDDP</marc:subfield>
        </marc:datafield>
        <marc:datafield tag="100" ind1="1" ind2=" ">
            <marc:subfield code="a">Harris, Isham G.</marc:subfield>
            <marc:subfield code="q">(Isham Green),</marc:subfield>
            <marc:subfield code="d">1818-1897,</marc:subfield>
            <marc:subfield code="0">http://id.loc.gov/authorities/names/n85363573</marc:subfield>
            <marc:subfield code="e">creator.</marc:subfield>
        </marc:datafield>
        <marc:datafield tag="245" ind1="1" ind2="0">
            <marc:subfield code="a">Isham G. Harris letters,</marc:subfield>
            <marc:subfield code="f">1861-1891.</marc:subfield>
        </marc:datafield>
        <marc:datafield tag="264" ind1=" " ind2="0">
            <marc:subfield code="c">1861-1891.</marc:subfield>
        </marc:datafield>
        <marc:datafield tag="300" ind1=" " ind2=" ">
            <marc:subfield code="a">4 items</marc:subfield>
        </marc:datafield>
        <marc:datafield tag="336" ind1=" " ind2=" ">
            <marc:subfield code="a">text</marc:subfield>
            <marc:subfield code="b">txt</marc:subfield>
            <marc:subfield code="2">rdacontent</marc:subfield>
        </marc:datafield>
        <marc:datafield tag="337" ind1=" " ind2=" ">
            <marc:subfield code="a">unmediated</marc:subfield>
            <marc:subfield code="b">n</marc:subfield>
            <marc:subfield code="2">rdamedia</marc:subfield>
        </marc:datafield>
        <marc:datafield tag="338" ind1=" " ind2=" ">
            <marc:subfield code="a">sheet</marc:subfield>
            <marc:subfield code="b">nb</marc:subfield>
            <marc:subfield code="2">rdacarrier</marc:subfield>
        </marc:datafield>
        <marc:datafield tag="500" ind1=" " ind2=" ">
            <marc:subfield code="a">Cataloged from Guide.</marc:subfield>
        </marc:datafield>
        <marc:datafield tag="545" ind1=" " ind2=" ">
            <marc:subfield code="a">Isham G. Harris was a Tennessee senator, 1847-1848, member of U.S. Congress, 1849-1851, Tennessee governor, 1857- 1861, and U.S. senator, 1877-1897</marc:subfield>
        </marc:datafield>
        <marc:datafield tag="520" ind1="8" ind2=" ">
            <marc:subfield code="a">Correspondence of Isham G. Harris. Included in the collection are a letter, 1861, from John H. Savage, volunteering to organize Tennessee for Confederate support; a letter from A.S. Curry, Trenton, Tennessee, applying for the directorship of a bank there; and a letter, 1891, from Harris to Ben W. Austin, concerning a letter of General Albert Sidney Johnston.</marc:subfield>
        </marc:datafield>
        <marc:datafield tag="600" ind1="1" ind2="0">
            <marc:subfield code="a">Harris, Isham G.</marc:subfield>
            <marc:subfield code="q">(Isham Green),</marc:subfield>
            <marc:subfield code="d">1818-1897.</marc:subfield>
            <marc:subfield code="0">http://id.loc.gov/authorities/names/n85363573</marc:subfield>
        </marc:datafield>
        <marc:datafield tag="600" ind1="1" ind2="0">
            <marc:subfield code="a">Austin, Ben W.</marc:subfield>
            <marc:subfield code="0">http://id.loc.gov/authorities/names/n2011067531</marc:subfield>
        </marc:datafield>
        <marc:datafield tag="600" ind1="1" ind2="0">
            <marc:subfield code="a">Johnston, Albert Sidney,</marc:subfield>
            <marc:subfield code="d">1803-1862.</marc:subfield>
            <marc:subfield code="0">http://id.loc.gov/authorities/names/nr92034231</marc:subfield>
        </marc:datafield>
        <marc:datafield tag="600" ind1="1" ind2="7">
            <marc:subfield code="a">Harris, Isham G.</marc:subfield>
            <marc:subfield code="q">(Isham Green),</marc:subfield>
            <marc:subfield code="d">1818-1897.</marc:subfield>
            <marc:subfield code="2">fast</marc:subfield>
            <marc:subfield code="0">http://id.worldcat.org/fast/170239</marc:subfield>
        </marc:datafield>
        <marc:datafield tag="651" ind1=" " ind2="0">
            <marc:subfield code="a">Tennessee</marc:subfield>
            <marc:subfield code="x">History</marc:subfield>
            <marc:subfield code="y">Civil War, 1861-1865.</marc:subfield>
            <marc:subfield code="0">http://id.loc.gov/authorities/subjects/sh85133875</marc:subfield>
        </marc:datafield>
        <marc:datafield tag="655" ind1=" " ind2="7">
            <marc:subfield code="a">Personal correspondence.</marc:subfield>
            <marc:subfield code="2">aat</marc:subfield>
        </marc:datafield>
        <marc:datafield tag="700" ind1="1" ind2=" ">
            <marc:subfield code="a">Savage, John H.,</marc:subfield>
            <marc:subfield code="0">http://id.loc.gov/authorities/names/n79082231</marc:subfield>
            <marc:subfield code="e">creator.</marc:subfield>
        </marc:datafield>
        <marc:datafield tag="700" ind1="1" ind2=" ">
            <marc:subfield code="a">Curry, A. S.</marc:subfield>
            <marc:subfield code="q">(Alan S.),</marc:subfield>
            <marc:subfield code="0">http://id.loc.gov/authorities/names/n50017128</marc:subfield>
            <marc:subfield code="e">creator.</marc:subfield>
        </marc:datafield>
        <marc:datafield tag="905" ind1=" " ind2=" ">
            <marc:subfield code="a">MARCIVE 20200415</marc:subfield>
        </marc:datafield>
    </marc:record>